@article{arrows2000hughes,
  title = "{G}eneralising {M}onads to {A}rrows",
  author = "John Hughes",
  year = "2000",
  journal = "{S}cience of {C}omputer {P}rogramming",
  volume = "37",
  month = "May",
  pages = "67--111"
}
